<record><leader>00000cas a2200000 a 4500</leader><controlfield tag="001">13657989</controlfield><controlfield tag="008">860529d192919uutxudr ne      0    0eng d</controlfield><datafield ind1=" " ind2=" " tag="010"><subfield code="a">sn 86064196 </subfield></datafield><datafield ind1=" " ind2=" " tag="040"><subfield code="a">KSH</subfield><subfield code="b">eng</subfield><subfield code="c">KSH</subfield><subfield code="d">NPT</subfield><subfield code="d">PPM</subfield><subfield code="d">OCL</subfield><subfield code="d">OCLCQ</subfield></datafield><datafield ind1=" " ind2=" " tag="042"><subfield code="a">msc</subfield></datafield><datafield ind1="0" ind2="0" tag="245"><subfield code="a">Del Rio evening news.</subfield></datafield><datafield ind1=" " ind2=" " tag="260"><subfield code="a">Del Rio, Tex. :</subfield><subfield code="b">News-Herald Pub. Co.</subfield></datafield><datafield ind1=" " ind2=" " tag="300"><subfield code="a">v. :</subfield><subfield code="b">ill. ;</subfield><subfield code="c">57 cm.</subfield></datafield><datafield ind1=" " ind2=" " tag="310"><subfield code="a">Daily (except Sunday)</subfield></datafield><datafield ind1="1" ind2=" " tag="362"><subfield code="a">Began in 1929.</subfield><subfield code="z">Cf. Ayer, 1937.</subfield></datafield><datafield ind1=" " ind2=" " tag="588"><subfield code="a">Description based on: Vol. 5, no. 87 (June 28, 1933).</subfield></datafield><datafield ind1=" " ind2=" " tag="752"><subfield code="a">United States</subfield><subfield code="b">Texas</subfield><subfield code="c">Val Verde</subfield><subfield code="d">Del Rio.</subfield></datafield><datafield ind1="0" ind2="7" tag="785"><subfield code="t">Del Rio herald</subfield></datafield><datafield ind1="0" ind2="7" tag="785"><subfield code="t">Del Rio news-herald</subfield><subfield code="w">(DLC)sn 86064197</subfield></datafield><datafield ind1="1" ind2=" " tag="029"><subfield code="a">AU@</subfield><subfield code="b">000022170040</subfield></datafield></record>